%! Author = Miron
%! Date = 13.08.2022

@article{sep1,
    author    = {Wojciech Czerwinski and
               Slawomir Lasota},
    title     = {Regular Separability of Well Structured Transition Systems},
    journal   = {CoRR},
    volume    = {abs/1702.05334},
    year      = {2017}
}

@article{sep_apr,
    author    = {Wojciech Czerwinski and
               Slawomir Lasota},
    title     = {Regular Separability of One Counter Automata},
    journal   = {CoRR},
    volume    = {abs/1701.02808},
    year      = {2017}
}



@article{reach_sep,
    author    = {Lorenzo Clemente and
               Wojciech Czerwinski and
               Slawomir Lasota and
               Charles Paperman},
    title     = {Separability of Reachability Sets of Vector Addition Systems},
    journal   = { Proceedings of STACS ’17},
    volume    = {pages 24:1–24:14},
    year      = {2016}
}

@article{reach_sep_jerome,
    author    = {J{\'{e}}r{\^{o}}me Leroux},
    title     = {The General Vector Addition System Reachability Problem by Presburger
               Inductive Invariants},
    journal   = {Log. Methods Comput. Sci.},
    volume    = {6},
    number    = {3},
    year      = {2010}
}

@book{toolbox,
    author    = {Mikołaj Bojańczyk},
    title     = "An Automata Toolbox",

    address  = "https://www.mimuw.edu.pl/~bojan/papers/toolbox.pdf",
    year      = "2017",
}


@inproceedings{Ackermann-complete,
    author    = {Wojciech Czerwinski and
               Lukasz Orlikowski},
    title     = {Reachability in Vector Addition Systems is Ackermann-complete},
    booktitle = {{FOCS}},
    pages     = {1229--1240},
    publisher = {{IEEE}},
    year      = {2021}
}
@inproceedings{DBLP:conf/lics/CzerwinskiL17,
    author    = {Wojciech Czerwinski and
               Slawomir Lasota},
    title     = {Regular separability of one counter automata},
    booktitle = {{LICS}},
    pages     = {1--12},
    publisher = {{IEEE} Computer Society},
    year      = {2017}
}
@inproceedings{parikh-reg-sep,
    author    = {Lorenzo Clemente and
               Wojciech Czerwinski and
               Slawomir Lasota and
               Charles Paperman},
    title     = {Regular Separability of Parikh Automata},
    booktitle = {{ICALP}},
    series    = {LIPIcs},
    volume    = {80},
    pages     = {117:1--117:13},
    publisher = {Schloss Dagstuhl - Leibniz-Zentrum f{\"{u}}r Informatik},
    year      = {2017}
}
@article{Ackerman,
    author    = {J{\'{e}}r{\^{o}}me Leroux and
               Sylvain Schmitz},
    title     = {Reachability in Vector Addition Systems is Primitive-Recursive in
               Fixed Dimension},
    journal   = {CoRR},
    volume    = {abs/1903.08575},
    year      = {2019}
}

@article{regularity-checking,
    author    = {Rudiger Valk and Guy Vidal-Naquet},
    title     = {Petri Nets and Regular Languages},
    journal   = {Journal of computer and system sciences},
    volume    = {23},
    year      = {1981}
}

@article{piecewise-testable,
    author    = {Wojciech Czerwinski and
               Wim Martens and
               Tom{\'{a}}s Masopust},
    title     = {Efficient Separability of Regular Languages by Subsequences and Suffixes},
    journal   = {International Colloquium on Automata, Languages, and Programming},
    volume    = { Automata, Languages, and Programming},
    year      = {2013}
}
@article{piecewise-testable2,
    author    = {Thomas Place and
               Lorijn van Rooijen and
               Marc Zeitoun},
    title     = {Separating regular languages by piecewise testable and unambiguous
               languages},
    journal   = {International Symposium on Mathematical Foundations of Computer Science},
    volume    = {Mathematical Foundations of Computer Science},
    year      = {2013}
}
@article{FO-languages,
    author    = {Thomas Place and
               Marc Zeitoun},
    title     = {Separating Regular Languages with First-Order Logic},
    journal   = {Log. Methods Comput. Sci.},
    volume    = {12},
    number    = {1},
    year      = {2016}
}


@article{Rackoff,
    author    = {Charles Rackoff},
    title     = {The covering and boundedness problems  for vector addition systems},
    journal   = {Theoretical Computer Science 6},
    year      = {1978}
}

@inproceedings{Czerwinski2022LanguageIF,
    title={Language Inclusion for Boundedly-Ambiguous Vector Addition Systems is Decidable},
    author={Wojciech Czerwiński and Piotr Hofman},
    booktitle={CONCUR},
    year={2022}
}